@TechReport{vanvoorhees2000,
  author = "{van V}oorhees, D. and Hoffman, A. and Lowther, A. and Van {B}uskirk, W. and Weinstein, J. and White J.",
  year = 2000,
  title = "An evaluation of alternative estimators of ocean boat fish effort and catch in Oregon",
  institution = "Pacific RecFIN Statistics Subcommittee"
}

@TechReport{cope2021vermillion_or,
  author = "Cope, J.M. and Whitman, A.D.",
  year = 2021,
  title = "Status of {V}ermillion rockfish ({S}ebastes miniatus) along the {US} {W}est - {O}regon coast in 2021",
  institution = "Pacific Fishery Management Council",
  address = "Portland, OR",
  pages = 131}

@TechReport{langseth2021quillback_or,
  author = "Langseth, B.J. and Wetzel, C.R. and Cope, J.M. and Whitman, A.D.",
  year = 2021,
  title = "Status of quillback rockfish ({S}ebastes maliger) in {U}.{S}. waters off the coast of {O}regon in 2021 using catch and length data",
  institution = "Pacific Fishery Management Council",
  address = "Portland, OR",
  pages = 120
}

@TechReport{taylor2021lingcod_n,
  author = "Taylor, I.G. and K.F. Johnson and B.J. Langseth and A. Stephens and L.S. Lam and M.H. Monk and A.D. Whitman and M.A. Haltuch",
  year = 2021,
  title = "Status of lingcod ({O}phiodon elongatus) along the northern {U}.{S}. west coast in 2021",
  institution = "Pacific Fishery Management Council",
  address = "Portland, OR",
  pages = 254
}

@TechReport{johnson2021lingcod_s,
  author = "K.F. Johnson and Taylor, I.G. and B.J. Langseth and A. Stephens and L.S. Lam and M.H. Monk and M.A. Haltuch",
  year = 2021,
  title = "Status of lingcod ({O}phiodon elongatus) along the southern {U}.{S}. west coast in 2021",
  institution = "Pacific Fishery Management Council",
  address = "Portland, OR",
  pages = 212
}


@TechReport{wetzel2021copper_or,
  author = "Wetzel, C.R. and B.J. Langseth and J.M. Cope and A.D. Whitman",
  year = 2021,
  title = "The status of copper rockfish ({S}ebastes caurinus) in {U}.{S}. waters off the coast of {O}regon in 2021 using catch and length data",
  institution = "Pacific Fishery Management Council",
  address = "Portland, OR",
  pages = 134
}

@TechReport{dick2018bluedeacon,
  author = "Dick, E.J. and Berger, A. and Bizzaro, J. and Bosley, K. and Cope, J. and Field, J. Gilbert-{H}orvath, L. and Grunloh, N. and Ivens-{D}uran, M. and Miller, R. and Privitera-{J}ohnson, K. and Rodomsky B.T.",
  year = 2018,
  title = "The combined status of {B}lue and {D}eacon rockfishes in {U}.{S}. waters off {C}alifornia and {O}regon in 2017",
  institution = "Pacific Fishery Management Council",
  address = "7700 Ambassador Place NE, Suite 200, Portland, OR 97220",
  url = "http://www.pcouncil.org/groundfish/stock-assessments/"
}

@techreport{odfw2017informational,
	title = "{ODFW} Informational Report regarding speciation of unspecified rockfish landings on Oregon for includsion in stock assessment time series of removals",
	institution = "Pacific Fishery Management Council",
	number = "Agenda Item {I}.2.a. {M}arch 2017 briefing Book",
	author = "Oregon Department of Fish and Wildlife",
	year = 2017,
	address = "Portland, OR"
}

@TechReport{whitman2023,
  author = "Whitman, A.D.",
  year = 2023,
  title = "Oregon Historical Marine Recreational Catch Reconstruction (1979 â€“ 2000)",
  institution = "{ODFW} Science Bulletin, Oregon Department of Fish and Wildlife",
  address = "Salem, OR"}
  
@TechReport{monk2019gopher,
  author = "Monk, M. H. and X. He",
  year = 2019,
  title = "The Combined Status of Gopher ({S}ebastes carnatus) and Black-and-Yellow Rockfishes ({S}ebastes chrysomelas) in {U}.{S}. Waters Off {C}alifornia in 2019",
  institution = "Pacific Fishery Management Council",
  address = "Portland, OR",
  url = "http://www.pcouncil.org/groundfish/stock-assessments/"
}

@article{sampson2011spatial,
  title={A spatial model for fishery age-selection at the population level},
  author={Sampson, David B and Scott, Robert D},
  journal={Canadian Journal of Fisheries and Aquatic Sciences},
  volume={68},
  number={6},
  pages={1077--1086},
  year={2011},
  publisher={NRC Research Press}
}

@article{cope2011reconciling,
  title={Reconciling stock assessment and management scales under conditions of spatially varying catch histories},
  author={Cope, Jason M and Punt, Andr{\'e} E},
  journal={Fisheries Research},
  volume={107},
  number={1-3},
  pages={22--38},
  year={2011},
  publisher={Elsevier}
}

@TechReport{wallace2004yellowtail,
  author = "John Wallace and Han-Lin Lai",
  title = "Status of the yellowtail rockfish in 2004",
  year = 2005,
  institution = "Pacific Fishery Management Council",
  address = "Portland, OR"
}

@book{love2002rockfishes,
  title={The rockfishes of the northeast Pacific},
  author={Love, Milton S and Yoklavich, Mary and Thorsteinson, Lyman K},
  year={2002},
  publisher={Univ of California Press}
}

@mastersthesis{demott1982movement,
  author = "DeMott, Glenn E.",
  title = "Movement of tagged lingcod and rockfishes off Depoe Bay, Oregon",
  school = "Oregon State University",
  year = 1982}
  
@article{wishard1980stock,
  author = "Wishard, L. N. and F. M. Utter and D. R. Gunderson",
  year = 1980,
  title = "Stock separation of five rockfish species using naturally occurring biochemical genetic markers",
  journal = "Marine Fisheries Review",
  issue = 42,
  pages = "64--73"
}

@article{gomez2003microsatellite,
  title={Microsatellite markers for the heavily exploited canary (Sebastes pinniger) and other rockfish species},
  author={Gomez-Uchida, D and Hoffman, EA and Ardren, WR and Banks, MA},
  journal={Molecular Ecology Notes},
  volume={3},
  number={3},
  pages={387--389},
  year={2003},
  publisher={Wiley Online Library}
}

@phdthesis{budrick2016evolutionary,
  title = "Evolutionary Processes contributing to Population Structure in the Rockfishes of the Subgenus {R}osicola: Implications for Fishery Management, Stock Assessment and Prioritization of Future Analyses of Structure in the Genus {S}ebastes",
  author = "John E. Budrick",
  year = 2016,
  school = "University of California, Berkeley"
}

@article{ware1989fisheries,
  title={Fisheries production domains in the Northeast Pacific Ocean},
  author={Ware, DM and McFarlane, GA},
  journal={Canadian Journal of Fisheries and Aquatic Sciences},
  volume={108},
  pages={359--379},
  year={1989}
}

@techreport{methot2002canary,
  author = "Methot, R. D., and K. Piner",
  year = 2002,
  title = "Status of the canary rockfish resource off California, Oregon and Washington in 2001",
  institution = "Pacific Fishery Management Council",
  address = "Portland, OR"
}

@techreport{dick2021vermillion,
  author = "Dick, E.J. and M.H. Monk and T.L. Rogers and J.C. Field and E.M. Saas",
  year = 2021,
  title = "The status of Vermilion Rockfish ({S}ebastes miniatus) and Sunset Rockfish ({S}ebastes crocotulus) in {U}.{S}. waters off the coast of {C}alifornia south of {P}oint {C}onception in 2021",
  institution = "Pacific Fishery Management Council",
  address = "Portland, OR",
  pages = "G10"
}

@techreport{odfw2017informational,
  author = "{Oregon Department of Fish and Wildlife}",
  year = 2017,
  title = "Informational Report regarding speciation of unspecified rockfish landings in Oregon for inclusion in stock assessment time series of removals",
  institution = "Pacific Fishery Management Council",
  address = "Portland, OR",
  number = "Agenda Item {I}.2.a. March, 2017 briefing Book",
  url = "https://www.pcouncil.org/documents/2017/03/i2a_odfw_rpt_speciation_of_oregon_urck_and_pop1_
mar2017bb.pdf/"
}